@Inbook{Barkstrom2003,
author="Barkstrom, Bruce R.",
editor="Westfechtel, Bernhard
and van der Hoek, Andr{\'e}",
title="Data Product Configuration Management and Versioning in Large-Scale Production of Satellite Scientific Data",
bookTitle="Software Configuration Management: ICSE Workshops SCM 2001 and SCM 2003, Toronto, Canada, May 14--15, 2001 and Portland, OR, USA, May 9--10, 2003. Selected Papers",
year="2003",
publisher="Springer Berlin Heidelberg",
address="Berlin, Heidelberg",
pages="118--133",
isbn="978-3-540-39195-1",
doi="10.1007/3-540-39195-9_9",
url="http://dx.doi.org/10.1007/3-540-39195-9_9"
}

