@inproceedings{Bouzeghoub:2004:FAD:1012453.1012464,
 author = {Bouzeghoub, Mokrane},
 title = {A Framework for Analysis of Data Freshness},
 booktitle = {Proceedings of the 2004 International Workshop on Information Quality in Information Systems},
 series = {IQIS '04},
 year = {2004},
 isbn = {1-58113-902-0},
 location = {Paris, France},
 pages = {59--67},
 numpages = {9},
 url = {http://doi.acm.org/10.1145/1012453.1012464},
 doi = {10.1145/1012453.1012464},
 acmid = {1012464},
 publisher = {ACM},
 address = {New York, NY, USA},
 keywords = {freshness, multi-source information systems, quality evaluation},
}