@article{Stuckenholz:2005:CEV:1039174.1039197,
 author = {Stuckenholz, Alexander},
 title = {Component Evolution and Versioning State of the Art},
 journal = {SIGSOFT Softw. Eng. Notes},
 issue_date = {January 2005},
 volume = {30},
 number = {1},
 month = jan,
 year = {2005},
 issn = {0163-5948},
 pages = {7--},
 url = {http://doi.acm.org/10.1145/1039174.1039197},
 doi = {10.1145/1039174.1039197},
 acmid = {1039197},
 publisher = {ACM},
 address = {New York, NY, USA},
}