@article{Bose:2005:LRS:1057977.1057978,
 author = {Bose, Rajendra and Frew, James},
 title = {Lineage Retrieval for Scientific Data Processing: A Survey},
 journal = {ACM Comput. Surv.},
 issue_date = {March 2005},
 volume = {37},
 number = {1},
 month = mar,
 year = {2005},
 issn = {0360-0300},
 pages = {1--28},
 numpages = {28},
 url = {http://doi.acm.org/10.1145/1057977.1057978},
 doi = {10.1145/1057977.1057978},
 acmid = {1057978},
 publisher = {ACM},
 address = {New York, NY, USA},
 keywords = {Data lineage, audit, data provenance, scientific data, scientific workflow},
}