@inproceedings{Berberich:2007:TMT:1277741.1277831,
 author = {Berberich, Klaus and Bedathur, Srikanta and Neumann, Thomas and Weikum, Gerhard},
 title = {A Time Machine for Text Search},
 booktitle = {Proceedings of the 30th Annual International ACM SIGIR Conference on Research and Development in Information Retrieval},
 series = {SIGIR '07},
 year = {2007},
 isbn = {978-1-59593-597-7},
 location = {Amsterdam, The Netherlands},
 pages = {519--526},
 numpages = {8},
 url = {http://doi.acm.org/10.1145/1277741.1277831},
 doi = {10.1145/1277741.1277831},
 acmid = {1277831},
 publisher = {ACM},
 address = {New York, NY, USA},
 keywords = {temporal text indexing, time-travel text search, web archives},
}