@book{Chacon:2009:PG:1618548,
 author = {Chacon, Scott},
 title = {Pro Git},
 year = {2009},
 isbn = {1430218339, 9781430218333},
 edition = {1st},
 publisher = {Apress},
 address = {Berkely, CA, USA},
}