@article{Goddard:1996:DGU:246962.246972,
 author = {Goddard, Wayne and Swart, Henda C.},
 title = {Distances Between Graphs Under Edge Operations},
 journal = {Discrete Math.},
 issue_date = {Dec. 5, 1996},
 volume = {161},
 number = {1-3},
 month = dec,
 year = {1996},
 issn = {0012-365X},
 pages = {121--132},
 numpages = {12},
 url = {http://dx.doi.org/10.1016/0012-365X(95)00073-6},
 doi = {10.1016/0012-365X(95)00073-6},
 acmid = {246972},
 publisher = {Elsevier Science Publishers B. V.},
 address = {Amsterdam, The Netherlands, The Netherlands},
}