@article{2015:CAA:2778374.2778504,
 title = {Cost and Accuracy Aware Scientific Workflow Retrieval Based on Distance Measure},
 journal = {Inf. Sci.},
 issue_date = {September 2015},
 volume = {314},
 number = {C},
 month = sep,
 year = {2015},
 issn = {0020-0255},
 pages = {1--13},
 numpages = {13},
 url = {http://dx.doi.org/10.1016/j.ins.2015.03.055},
 doi = {10.1016/j.ins.2015.03.055},
 acmid = {2778504},
 publisher = {Elsevier Science Inc.},
 address = {New York, NY, USA},
key = {{$\!\!$}} ,
}