@inproceedings{Wiil:2000:RDH:338407.338517,
 author = {Wiil, Uffe Kock and Hicks, David L.},
 title = {Requirements for Development of Hypermedia Technology for a Digital Library Supporting Scholarly Work},
 booktitle = {Proceedings of the 2000 ACM Symposium on Applied Computing - Volume 2},
 series = {SAC '00},
 year = {2000},
 isbn = {1-58113-240-9},
 location = {Como, Italy},
 pages = {607--609},
 numpages = {3},
 url = {http://doi.acm.org/10.1145/338407.338517},
 doi = {10.1145/338407.338517},
 acmid = {338517},
 publisher = {ACM},
 address = {New York, NY, USA},
 keywords = {collaborative work, digital library, hypermedia technology, scholarly work, work practices},
}