@article{Tichy:1985:RSV:4200.4202,
 author = {Tichy, Walter F.},
 title = {RCS\&Mdash;a System for Version Control},
 journal = {Softw. Pract. Exper.},
 issue_date = {July 1985},
 volume = {15},
 number = {7},
 month = jul,
 year = {1985},
 issn = {0038-0644},
 pages = {637--654},
 numpages = {18},
 url = {http://dx.doi.org/10.1002/spe.4380150703},
 doi = {10.1002/spe.4380150703},
 acmid = {4202},
 publisher = {John Wiley \&amp; Sons, Inc.},
 address = {New York, NY, USA},
}