@inproceedings{Klahold:1986:GMV:645913.671314,
 author = {Klahold, Peter and Schlageter, Gunter and Wilkes, Wolfgang},
 title = {A General Model for Version Management in Databases},
 booktitle = {Proceedings of the 12th International Conference on Very Large Data Bases},
 series = {VLDB '86},
 year = {1986},
 isbn = {0-934613-18-4},
 pages = {319--327},
 numpages = {9},
 url = {http://dl.acm.org/citation.cfm?id=645913.671314},
 acmid = {671314},
 publisher = {Morgan Kaufmann Publishers Inc.},
 address = {San Francisco, CA, USA},
}