@inproceedings{Chien:2000:VMX:646544.696357,
 author = {Chien, Shu-Yao and Tsotras, Vassilis J. and Zaniolo, Carlo},
 title = {Version Management of XML Documents},
 booktitle = {Selected Papers from the Third International Workshop WebDB 2000 on The World Wide Web and Databases},
 year = {2001},
 isbn = {3-540-41826-1},
 pages = {184--200},
 numpages = {17},
 url = {http://dl.acm.org/citation.cfm?id=646544.696357},
 acmid = {696357},
 publisher = {Springer-Verlag},
 address = {London, UK, UK},
}