@inproceedings{Fischer:2003:PRH:942800.943568,
 author = {Fischer, Michael and Pinzger, Martin and Gall, Harald},
 title = {Populating a Release History Database from Version Control and Bug Tracking Systems},
 booktitle = {Proceedings of the International Conference on Software Maintenance},
 series = {ICSM '03},
 year = {2003},
 isbn = {0-7695-1905-9},
 pages = {23--},
 url = {http://dl.acm.org/citation.cfm?id=942800.943568},
 acmid = {943568},
 publisher = {IEEE Computer Society},
 address = {Washington, DC, USA},
}