@article{Chen:2004:OCL:990374.990391,
 author = {Chen, Kai and Schach, Stephen R. and Yu, Liguo and Offutt, Jeff and Heller, Gillian Z.},
 title = {Open-Source Change Logs},
 journal = {Empirical Softw. Engg.},
 issue_date = {September 2004},
 volume = {9},
 number = {3},
 month = sep,
 year = {2004},
 issn = {1382-3256},
 pages = {197--210},
 numpages = {14},
 url = {http://dx.doi.org/10.1023/B:EMSE.0000027779.70556.d0},
 doi = {10.1023/B:EMSE.0000027779.70556.d0},
 acmid = {990391},
 publisher = {Kluwer Academic Publishers},
 address = {Hingham, MA, USA},
 keywords = {GCC-g++, GNUJSP, Jikes, Open-source software, change log},
}