% Encoding: UTF-8

@Misc{Barkstrom_digitallibrary,
  author = {Bruce R. Barkstrom and John J. Bates},
  title  = {Digital Library Issues Arising from Earth Science Data},
  year   = {2006},
}

@Comment{jabref-meta: databaseType:bibtex;}
