@article{Hartung201315,
title = "COnto–Diff: generation of complex evolution mappings for life science ontologies ",
journal = "Journal of Biomedical Informatics ",
volume = "46",
number = "1",
pages = "15 - 32",
year = "2013",
note = "",
issn = "1532-0464",
doi = "http://dx.doi.org/10.1016/j.jbi.2012.04.009",
url = "http://www.sciencedirect.com/science/article/pii/S1532046412000627",
author = "Michael Hartung and Anika Groß and Erhard Rahm",
keywords = "Ontology evolution",
keywords = "Ontology versions",
keywords = "Diff",
keywords = "Life science ontologies "
}

