@article{Matthew S. Mayernik201312-039,
  title={Data Conservancy Provenance, Context, and Lineage Services: Key Components for Data Preservation and Curation},
  author={Matthew S. Mayernik and Tim DiLauro and Ruth Duerr and Elliot Metsger and Anne E. Thessen and G. Sayeed Choudhury},
  journal={Data Science Journal},
  volume={12},
  number={ },
  pages={158-171},
  year={2013},
  doi={10.2481/dsj.12-039}
}