@Inbook{Dijkstra1994,
author="Dijkstra, Joost",
editor="Elmasri, Ramez A.
and Kouramajian, Vram
and Thalheim, Bernhard",
title="On complex objects and versioning in complex environments",
bookTitle="Entity-Relationship Approach --- ER '93: 12th International Conference on the Entity-Relationship Approach Arlington, Texas, USA, December 15--17, 1993 Proceedings",
year="1994",
publisher="Springer Berlin Heidelberg",
address="Berlin, Heidelberg",
pages="13--23",
isbn="978-3-540-48575-9",
doi="10.1007/BFb0024353",
url="http://dx.doi.org/10.1007/BFb0024353"
}

