% Encoding: UTF-8

@Article{,
  author  = {Bin Cao and Ying Li and Jianwei Yin},
  title   = {Measuring Similarity between Gaphs Based on the Levenshtein Distance},
  journal = {Applied Mathematics \& Information Sciences},
  year    = {2013},
  volume  = {7},
  number  = {1L},
  pages   = {169-175},
}

@Comment{jabref-meta: databaseType:bibtex;}
