@Inbook{Payette2002,
author="Payette, Sandra
and Staples, Thornton",
editor="Agosti, Maristella
and Thanos, Costantino",
title="The Mellon Fedora Project Digital Library Architecture Meets XML and Web Services",
bookTitle="Research and Advanced Technology for Digital Libraries: 6th European Conference, ECDL 2002 Rome, Italy, September 16--18, 2002 Proceedings",
year="2002",
publisher="Springer Berlin Heidelberg",
address="Berlin, Heidelberg",
pages="406--421",
isbn="978-3-540-45747-3",
doi="10.1007/3-540-45747-X_30",
url="http://dx.doi.org/10.1007/3-540-45747-X_30"
}

