@article{daSilva2006381,
title = "A proof markup language for Semantic Web services ",
journal = "Information Systems ",
volume = "31",
number = "4â€“5",
pages = "381 - 395",
year = "2006",
note = "The Semantic Web and Web Services ",
issn = "0306-4379",
doi = "http://dx.doi.org/10.1016/j.is.2005.02.003",
url = "http://www.sciencedirect.com/science/article/pii/S0306437905000281",
author = "Paulo Pinheiro da Silva and Deborah L. McGuinness and Richard Fikes",
keywords = "PML",
keywords = "Semantic Web",
keywords = "Web services",
keywords = "Proofs",
keywords = "Provenance "
}

