% Encoding: UTF-8

@InProceedings{proellBigData,
  author    = {Stefan Proell and Andreas Rauber},
  title     = {Scalable Data Citation in Dynamic Large Databases: Model and Reference Implementation},
  booktitle = {IEEE International Conference on Big Data 2013 (IEEE BigData 2013)},
  year      = {2013},
  month     = {10},
}

@Comment{jabref-meta: databaseType:bibtex;}
