@inproceedings{DBLP:conf/data/ProllR13,
  author    = {Stefan Pr{\"{o}}ll and
               Andreas Rauber},
  title     = {Citable by Design - {A} Model for Making Data in Dynamic Environments
               Citable},
  booktitle = {{DATA} 2013 - Proceedings of the 2nd International Conference on Data
               Technologies and Applications, Reykjav{\'{\i}}k, Iceland, 29 - 31
               July, 2013},
  pages     = {206--210},
  year      = {2013},
  crossref  = {DBLP:conf/data/2013},
  url       = {http://dx.doi.org/10.5220/0004589102060210},
  doi       = {10.5220/0004589102060210},
  timestamp = {Tue, 05 Nov 2013 13:57:48 +0100},
  biburl    = {http://dblp.uni-trier.de/rec/bib/conf/data/ProllR13},
  bibsource = {dblp computer science bibliography, http://dblp.org}
}

@proceedings{DBLP:conf/data/2013,
  editor    = {Markus Helfert and
               Chiara Francalanci and
               Joaquim Filipe},
  title     = {{DATA} 2013 - Proceedings of the 2nd International Conference on Data
               Technologies and Applications, Reykjav{\'{\i}}k, Iceland, 29 - 31
               July, 2013},
  publisher = {SciTePress},
  year      = {2013},
  isbn      = {978-989-8565-67-9},
  timestamp = {Tue, 05 Nov 2013 13:55:03 +0100},
  biburl    = {http://dblp.uni-trier.de/rec/bib/conf/data/2013},
  bibsource = {dblp computer science bibliography, http://dblp.org}
}

