% Encoding: UTF-8

@Article{Ma2014,
  author    = {Ma, Xiaogang and Fox, Peter and Tilmes, Curt and Jacobs, Katharine and Waple, Anne},
  title     = {Capturing provenance of global change information},
  journal   = {Nature Clim. Change},
  year      = {2014},
  volume    = {4},
  number    = {6},
  pages     = {409-413},
  month     = {Jun},
  note      = {Commentary},
  issn      = {1758-678X},
  publisher = {Nature Publishing Group, a division of Macmillan Publishers Limited. All Rights Reserved.},
  url       = {http://dx.doi.org/10.1038/nclimate2141},
}

@Comment{jabref-meta: databaseType:bibtex;}
