@Inbook{Tilmes2012,
author="Tilmes, Curt",
editor="Groth, Paul
and Frew, James",
title="Provenance Representation in the Global Change Information System (GCIS)",
bookTitle="Provenance and Annotation of Data and Processes: 4th International Provenance and Annotation Workshop, IPAW 2012, Santa Barbara, CA, USA, June 19-21, 2012, Revised Selected Papers",
year="2012",
publisher="Springer Berlin Heidelberg",
address="Berlin, Heidelberg",
pages="246--248",
isbn="978-3-642-34222-6",
doi="10.1007/978-3-642-34222-6_28",
url="http://dx.doi.org/10.1007/978-3-642-34222-6_28"
}

