@Inbook{Bizer2013,
author="Bizer, Christian
and Eckert, Kai
and Meusel, Robert
and M{\"u}hleisen, Hannes
and Schuhmacher, Michael
and V{\"o}lker, Johanna",
editor="Alani, Harith
and Kagal, Lalana
and Fokoue, Achille
and Groth, Paul
and Biemann, Chris
and Parreira, Josiane Xavier
and Aroyo, Lora
and Noy, Natasha
and Welty, Chris
and Janowicz, Krzysztof",
title="Deployment of RDFa, Microdata, and Microformats on the Web -- A Quantitative Analysis",
bookTitle="The Semantic Web -- ISWC 2013: 12th International Semantic Web Conference, Sydney, NSW, Australia, October 21-25, 2013, Proceedings, Part II",
year="2013",
publisher="Springer Berlin Heidelberg",
address="Berlin, Heidelberg",
pages="17--32",
isbn="978-3-642-41338-4",
doi="10.1007/978-3-642-41338-4_2",
url="http://dx.doi.org/10.1007/978-3-642-41338-4_2"
}

