% Encoding: UTF-8

@InProceedings{Flouris04clotho:transparent,
  author    = {Michail D. Flouris},
  title     = {Clotho: Transparent Data Versioning at the Block I/O Level},
  booktitle = {In Proceedings of the 12th NASA Goddard, 21st IEEE Conference on Mass Storage Systems and Technologies (MSST 2004},
  year      = {2004},
  pages     = {315--328},
}

@InProceedings{proellBigData,
  author    = {Stefan Proell and Andreas Rauber},
  title     = {Scalable Data Citation in Dynamic Large Databases: Model and Reference Implementation},
  booktitle = {IEEE International Conference on Big Data 2013 (IEEE BigData 2013)},
  year      = {2013},
  month     = {10},
}

@Article{Tichy:1985:RSV:4200.4202,
  author     = {Tichy, Walter F.},
  title      = {RCS\&Mdash;a System for Version Control},
  journal    = {Softw. Pract. Exper.},
  year       = {1985},
  volume     = {15},
  number     = {7},
  pages      = {637--654},
  month      = jul,
  acmid      = {4202},
  address    = {New York, NY, USA},
  doi        = {10.1002/spe.4380150703},
  issn       = {0038-0644},
  issue_date = {July 1985},
  numpages   = {18},
  publisher  = {John Wiley \&amp; Sons, Inc.},
  url        = {http://dx.doi.org/10.1002/spe.4380150703},
}

@Article{Lyons2005,
  author  = {Susan Lyons},
  title   = {Persistent identification of electronic documents and the future of footnotes},
  journal = {Law Library Journal},
  year    = {2005},
  volume  = {97},
  pages   = {681-694},
}

@InBook{Barkstrom2003,
  pages     = {118--133},
  title     = {Data Product Configuration Management and Versioning in Large-Scale Production of Satellite Scientific Data},
  publisher = {Springer Berlin Heidelberg},
  year      = {2003},
  author    = {Barkstrom, Bruce R.},
  editor    = {Westfechtel, Bernhard and van der Hoek, Andr{\'e}},
  address   = {Berlin, Heidelberg},
  booktitle = {Software Configuration Management: ICSE Workshops SCM 2001 and SCM 2003, Toronto, Canada, May 14--15, 2001 and Portland, OR, USA, May 9--10, 2003. Selected Papers},
  doi       = {10.1007/3-540-39195-9_9},
  isbn      = {978-3-540-39195-1},
  url       = {http://dx.doi.org/10.1007/3-540-39195-9_9},
}

@Article{roddick1996model,
  author    = {Roddick, John F},
  title     = {A model for schema versioning in temporal database systems},
  journal   = {Australian Computer Science Communications},
  year      = {1996},
  volume    = {18},
  pages     = {446--452},
  publisher = {UNIVERSITY OF CANTERBURY},
}

@Misc{Barkstrom_digitallibrary,
  author = {Bruce R. Barkstrom and John J. Bates},
  title  = {Digital Library Issues Arising from Earth Science Data},
  year   = {2006},
}

@Comment{jabref-meta: databaseType:bibtex;}
