% Encoding: UTF-8

@Article{roddick1996model,
  author    = {Roddick, John F},
  title     = {A model for schema versioning in temporal database systems},
  journal   = {Australian Computer Science Communications},
  year      = {1996},
  volume    = {18},
  pages     = {446--452},
  publisher = {UNIVERSITY OF CANTERBURY},
}

@Comment{jabref-meta: databaseType:bibtex;}
