@Inbook{Vassiliadis1999,
author="Vassiliadis, Panos
and Bouzeghoub, Mokrane
and Quix, Christoph",
editor="Jarke, Matthias
and Oberweis, Andreas",
title="Towards Quality-Oriented Data Warehouse Usage and Evolution",
bookTitle="Advanced Information Systems Engineering: 11th International Conference, CAiSE``99 Heidelberg, Germany, June 14---18, 1999 Proceedings",
year="1999",
publisher="Springer Berlin Heidelberg",
address="Berlin, Heidelberg",
pages="164--179",
isbn="978-3-540-48738-8",
doi="10.1007/3-540-48738-7_13",
url="http://dx.doi.org/10.1007/3-540-48738-7_13"
}

