@Inbook{Casati1996,
author="Casati, F.
and Ceri, S.
and Pernici, B.
and Pozzi, G.",
editor="Thalheim, Bernhard",
title="Workflow evolution",
bookTitle="Conceptual Modeling --- ER '96: 15th International Conference on Conceptual Modeling Cottbus, Germany, October 7--10, 1996 Proceedings",
year="1996",
publisher="Springer Berlin Heidelberg",
address="Berlin, Heidelberg",
pages="438--455",
isbn="978-3-540-70685-4",
doi="10.1007/BFb0019939",
url="http://dx.doi.org/10.1007/BFb0019939"
}

